<?xml version="1.0" encoding="UTF-8"?><collection xmlns="http://www.loc.gov/MARC21/slim"><record><leader>00526nam--2200193-u-4500</leader><controlfield tag="001">000050525</controlfield><controlfield tag="002">20161230</controlfield><controlfield tag="003">1290</controlfield><controlfield tag="005">20161230201048</controlfield><controlfield tag="008">070910s1000------------r-----000-0-eng-d</controlfield><datafield ind1=" " ind2=" " tag="040"><subfield code="a">IFIN - HH</subfield></datafield><datafield ind1=" " ind2=" " tag="041"><subfield code="a">rus</subfield></datafield><datafield ind1="1" ind2=" " tag="100"><subfield code="a">Novikov,Ts.S</subfield></datafield><datafield ind1="1" ind2="0" tag="245"><subfield code="a">Ob Algoritmicheskoi Nerazreshimosti Problemy Tozhdestva Slov v Teorii Grupp</subfield></datafield><datafield ind1=" " ind2=" " tag="260"><subfield code="a">Moscva</subfield><subfield code="b">Izdatelstvo Akademii Nauk CCCR</subfield><subfield code="c">1955</subfield></datafield><datafield ind1=" " ind2=" " tag="300"><subfield code="a">141 p</subfield></datafield><datafield ind1=" " ind2="4" tag="650"><subfield code="a">Tsentralno - Simmetricheskaya Gruppa</subfield></datafield><datafield ind1=" " ind2=" " tag="852"><subfield code="c">51</subfield></datafield><datafield ind1=" " ind2=" " tag="CAT"><subfield code="a">Sys</subfield><subfield code="c">20070910</subfield><subfield code="h">120419</subfield></datafield></record></collection>